<?xml version="1.0" encoding="UTF-8"?>
<record xmlns="http://www.loc.gov/MARC21/slim">
   <leader>00730cam a22002171  4500</leader>
   <controlfield tag="001">3200995</controlfield>
   <controlfield tag="003">NjP</controlfield>
   <controlfield tag="005">20171214165404.0</controlfield>
   <controlfield tag="008">000608s1956    sy            000 0 ara d</controlfield>
   <datafield tag="024" ind1="7" ind2=" ">
      <subfield code="a">princeton_aco003683</subfield>
      <subfield code="2">local</subfield>
   </datafield>
   <datafield ind1=" " ind2=" " tag="035">
      <subfield code="a">(OCoLC)49366665</subfield>
   </datafield>
   <datafield ind1=" " ind2=" " tag="035">
      <subfield code="a">55444</subfield>
   </datafield>
   <datafield ind1=" " ind2=" " tag="040">
      <subfield code="a">NjP</subfield>
      <subfield code="c">NjP</subfield>
   </datafield>
   <datafield ind1=" " ind2=" " tag="043">
      <subfield code="a">a-sy---</subfield>
   </datafield>
   <datafield ind1="1" ind2=" " tag="110">
      <subfield code="a">Syria.</subfield>
      <subfield code="0">http://id.loc.gov/authorities/names/n80061798</subfield>
   </datafield>
   <datafield ind1="1" ind2="0" tag="240">
      <subfield code="a">Laws, etc.</subfield>
   </datafield>
   <datafield ind1="0" ind2="0" tag="245">
      <subfield code="a">Qānūn al-baladīyāt al-Sūrī maʻa taʻdīlātihi al-akhīrah bi-mūjib marsūm 172.</subfield>
   </datafield>
   <datafield ind1=" " ind2=" " tag="260">
      <subfield code="a">Dimashq :</subfield>
      <subfield code="b">Maktabat Muḥammad Ḥusayn al-Nūrī,</subfield>
      <subfield code="c">[1956?]</subfield>
   </datafield>
   <datafield ind1=" " ind2=" " tag="300">
      <subfield code="a">57 p. ;</subfield>
      <subfield code="c">17 cm.</subfield>
   </datafield>
   <datafield ind1=" " ind2="0" tag="650">
      <subfield code="a">Municipal corporations</subfield>
      <subfield code="z">Syria.</subfield>
   </datafield>
   <datafield ind1=" " ind2=" " tag="902">
      <subfield code="a">jeb</subfield>
   </datafield>
   <datafield ind1="0" ind2=" " tag="852">
      <subfield code="0">3520857</subfield>
      <subfield code="b">rcppa</subfield>
      <subfield code="h">KMU293.7</subfield>
      <subfield code="i">.S975 1956</subfield>
      <subfield code="x">tr fr f</subfield>
   </datafield>
   <datafield ind1=" " ind2=" " tag="959">
      <subfield code="a">2000-07-11 12:22:09 -0400</subfield>
   </datafield>
</record>
